<?xml version="1.0" encoding="UTF-8"?><collection xmlns="http://www.loc.gov/MARC21/slim"><record><leader>00432nam--2200133-i-4500</leader><controlfield tag="001">000013046</controlfield><controlfield tag="002">20161230</controlfield><controlfield tag="005">20161230201030</controlfield><controlfield tag="008">060222s1000------------r-----000-0-eng-d</controlfield><datafield ind1=" " ind2=" " tag="080"><subfield code="a">681.326(043)</subfield></datafield><datafield ind1=" " ind2=" " tag="100"><subfield code="a">Bilciu,Constantin</subfield></datafield><datafield ind1=" " ind2=" " tag="245"><subfield code="a">Contributii la marirea performantelor echipame telor periferice din sistemele electronice de calcul.teza</subfield></datafield><datafield ind1=" " ind2=" " tag="260"><subfield code="a">Bucuresti,Institututl Central De Fizica,1979. 199p.+ 5 Anexa</subfield></datafield><datafield ind1=" " ind2=" " tag="852"><subfield code="a">47085</subfield></datafield></record></collection>